@article{HM1952,
 ISSN = {00221082, 15406261},
 URL = {http://www.jstor.org/stable/2975974},
 author = {Harry Markowitz},
 journal = {The Journal of Finance},
 number = {1},
 pages = {77--91},
 publisher = {[American Finance Association, Wiley]},
 title = {Portfolio Selection},
 urldate = {2025-01-31},
 volume = {7},
 year = {1952}
}

@article{panulo2014,
  title={Risk parity and other risk based portfolio allocation approaches in south african and international equity markets},
  author={Panulo, Barry},
  year={2014}
}

@article{best1991,
  title={On the sensitivity of mean-variance-efficient portfolios to changes in asset means: some analytical and computational results},
  author={Best, Michael J and Grauer, Robert R},
  journal={The review of financial studies},
  volume={4},
  number={2},
  pages={315--342},
  year={1991},
  publisher={Oxford University Press}
}

@article{sharpe1964,
  title={Capital asset prices: A theory of market equilibrium under conditions of risk},
  author={Sharpe, William F},
  journal={The journal of finance},
  volume={19},
  number={3},
  pages={425--442},
  year={1964},
  publisher={Wiley Online Library}
}


@article{mossin1966,
  title={Equilibrium in a capital asset market},
  author={Mossin, Jan},
  journal={Econometrica: Journal of the econometric society},
  pages={768--783},
  year={1966},
  publisher={JSTOR}
}

@article{ararat2024,
  title={MAD risk parity portfolios},
  author={Ararat, {\c{C}}a{\u{g}}{\i}n and Cesarone, Francesco and P{\i}nar, Mustafa {\c{C}}elebi and Ricci, Jacopo Maria},
  journal={Annals of Operations Research},
  volume={336},
  number={1},
  pages={899--924},
  year={2024},
  publisher={Springer}
}


@article{maillard2010,
  title={The properties of equally weighted risk contribution portfolios},
  author={Maillard, S{\'e}bastien and Roncalli, Thierry and Te{\"\i}letche, J{\'e}r{\^o}me},
  journal={Journal of Portfolio Management},
  volume={36},
  number={4},
  pages={60},
  year={2010},
  publisher={Citeseer}
}


@article{gambeta2020,
  title={Risk return trade-off in relaxed risk parity portfolio optimization},
  author={Gambeta, Vaughn and Kwon, Roy},
  journal={Journal of risk and financial management},
  volume={13},
  number={10},
  pages={237},
  year={2020},
  publisher={MDPI}
}


@article{feng2015,
  title={SCRIP: Successive convex optimization methods for risk parity portfolio design},
  author={Feng, Yiyong and Palomar, Daniel P},
  journal={IEEE Transactions on Signal Processing},
  volume={63},
  number={19},
  pages={5285--5300},
  year={2015},
  publisher={IEEE}
}


@article{braga2023,
  title={Kurtosis-based risk parity: methodology and portfolio effects},
  author={Braga, Maria Debora and Nava, Consuelo Rubina and Zoia, Maria Grazia},
  journal={Quantitative Finance},
  volume={23},
  number={3},
  pages={453--469},
  year={2023},
  publisher={Taylor \& Francis}
}

@article{costa2019,
  title={Risk parity portfolio optimization under a Markov regime-switching framework},
  author={Costa, Giorgio and Kwon, Roy H},
  journal={Quantitative Finance},
  volume={19},
  number={3},
  pages={453--471},
  year={2019},
  publisher={Taylor \& Francis}
}


@article{palit2024,
  title={A Comparative Study of the Equal-Weight Method and Hierarchical Risk Parity in Portfolio Construction},
  author={Palit, Debjani and Prybutok, Victor R},
  journal={Finance \& Economics Review},
  volume={6},
  number={1},
  pages={1--12},
  year={2024}
}


@article{nico2019,
  title={A constrained hierarchical risk parity algorithm with cluster-based capital allocation},
  author={Pfitzinger, Johann and Katzke, Nico and others},
  journal={Stellenbosch University, Department of Economics},
  year={2019}
}